<?xml version="1.0" encoding="UTF-8"?><collection xmlns="http://www.loc.gov/MARC21/slim"><record><leader>00409nam--2200133-i-4500</leader><controlfield tag="001">000046833</controlfield><controlfield tag="002">20161230</controlfield><controlfield tag="005">20161230201046</controlfield><controlfield tag="008">060222s1000------------r-----000-0-eng-d</controlfield><datafield ind1=" " ind2=" " tag="080"><subfield code="a">530.145</subfield></datafield><datafield ind1=" " ind2=" " tag="100"><subfield code="a">Walter, Reinhold</subfield></datafield><datafield ind1=" " ind2=" " tag="245"><subfield code="a">Unitare und nicht-unitare transformationen bei der untersuchung von hamiltonoperatoren der quantenfeldtheorie. /dissert</subfield></datafield><datafield ind1=" " ind2=" " tag="260"><subfield code="a">Stuttgart, Univ., 1969, 121p</subfield></datafield><datafield ind1=" " ind2=" " tag="852"><subfield code="a">32546</subfield></datafield></record></collection>